% Encoding: UTF-8

@InProceedings{PhoasICFP08,
  author    = {Adam Chlipala},
  booktitle = {ICFP'08: Proceedings of the 13th ACM SIGPLAN International Conference on Functional Programming},
  title     = {Parametric Higher-Order Abstract Syntax for Mechanized Semantics},
  location  = {Victoria, British Columbia, Canada},
  url       = {http://adam.chlipala.net/papers/PhoasICFP08/},
  month     = sep,
  owner     = {jgross},
  timestamp = {2019.04.15},
  year      = {2008},
}

@InProceedings{maranget2008compiling,
  author       = {Maranget, Luc},
  booktitle    = {Proceedings of the 2008 ACM SIGPLAN workshop on ML},
  title        = {Compiling Pattern Matching to Good Decision Trees},
  organization = {ACM},
  pages        = {35--46},
  url          = {http://moscova.inria.fr/~maranget/papers/ml05e-maranget.pdf},
  owner        = {jgross},
  timestamp    = {2019.04.15},
  year         = {2008},
}

@Misc{coq-pr-floats,
  author    = {Erik Martin-Dorel},
  title     = {Implementing primitive floats (binary64 floating-point numbers) - Issue \#8276 - coq/coq},
  url       = {https://github.com/coq/coq/issues/8276},
  month     = {Aug},
  owner     = {jgross},
  timestamp = {2019.04.22},
  year      = {2018},
}

@Misc{coq-pr-ints,
  author    = {Maxime D\'en\`es},
  title     = {Primitive integers - Issue \#6914 - coq/coq},
  url       = {https://github.com/coq/coq/pull/6914},
  month     = {Mar},
  owner     = {jgross},
  timestamp = {2020.06.27},
  year      = {2018},
}

@Misc{coq-pr-arrays,
  author    = {Maxime D\'en\`es},
  title     = {Primitive persistent arrays - Issue \#11604 - coq/coq},
  url       = {https://github.com/coq/coq/pull/11604},
  month     = {Feb},
  owner     = {jgross},
  timestamp = {2020.06.27},
  year      = {2020},
}

@Article{Compcert,
  author     = {Leroy, Xavier},
  title      = {A Formally Verified Compiler Back-end},
  issn       = {0168-7433},
  number     = {4},
  pages      = {363--446},
  url        = {http://gallium.inria.fr/~xleroy/publi/compcert-backend.pdf},
  volume     = {43},
  acmid      = {1666216},
  address    = {Secaucus, NJ, USA},
  issue_date = {December 2009},
  journal    = {J. Autom. Reason.},
  keywords   = {Compiler transformations and optimizations, Compiler verification, Formal methods, Program proof, Semantic preservation, The Coq theorem prover},
  month      = dec,
  numpages   = {84},
  publisher  = {Springer-Verlag New York, Inc.},
  year       = {2009},
}

@InProceedings{seL4SOSP09,
  author    = {Gerwin Klein and Kevin Elphinstone and Gernot Heiser and June Andronick and David Cock and Philip Derrin and Dhammika Elkaduwe and Kai Engelhardt and Rafal Kolanski and Michael Norrish and Thomas Sewell and Harvey Tuch and Simon Winwood},
  booktitle = {Proc. SOSP},
  title     = {{seL4}: Formal Verification of an {OS} Kernel},
  pages     = {207--220},
  publisher = {ACM},
  year      = {2009},
}

@Book{PartialEvaluation,
  author    = {N.D. Jones and C.K. Gomard and P. Sestoft},
  title     = {Partial Evaluation and Automatic Program Generation},
  isbn      = {0-13-020249-5},
  publisher = {Prentice Hall International},
  month     = Jun,
  year      = {1993},
}

@Article{LMS,
  author  = {Tiark Rompf and Martin Odersky},
  title   = {Lightweight modular staging: {A} pragmatic approach to runtime code generation and compiled {DSL}s},
  url     = {https://infoscience.epfl.ch/record/150347/files/gpce63-rompf.pdf},
  journal = {Proceedings of GPCE},
  year    = {2010},
}

@InProceedings{FiatCryptoSP19,
  author    = {Andres Erbsen and Jade Philipoom and Jason Gross and Robert Sloan and Adam Chlipala},
  booktitle = {IEEE Security \& Privacy},
  title     = {Simple High-Level Code For Cryptographic Arithmetic -- With Proofs, Without Compromises},
  location  = {San Francisco, CA, USA},
  url       = {http://adam.chlipala.net/papers/FiatCryptoSP19/},
  month     = may,
  year      = {2019},
}

@InProceedings{ReflectionTACS97,
  author    = {Boutin, Samuel},
  booktitle = {Proc. TACS},
  title     = {Using reflection to build efficient and certified decision procedures},
  year      = {1997},
}

@InProceedings{NbE,
  author    = {U. Berger and H. Schwichtenberg},
  booktitle = {[1991] Proceedings Sixth Annual IEEE Symposium on Logic in Computer Science},
  title     = {An inverse of the evaluation functional for typed $\lambda$-calculus},
  doi       = {10.1109/LICS.1991.151645},
  pages     = {203-211},
  keywords  = {formal logic;inverse;evaluation functional;typed lambda -calculus;typed lambda -terms;normalization algorithm;lambda -calculi;constants;natural deduction proofs;completeness theorem;recursive functions;Calculus;Arithmetic;Computer languages},
  month     = {July},
  year      = {1991},
}

@InProceedings{Aehlig,
  author    = {Klaus Aehlig and Florian Haftmann and Tobias Nipkow},
  booktitle = {Proc. TPHOLs},
  title     = {A Compiled Implementation of Normalization by Evaluation},
  year      = {2008},
}

@InProceedings{CodeGen,
  author    = {Florian Haftmann and Tobias Nipkow},
  booktitle = {Proc. TPHOLs},
  title     = {A Code Generator Framework for {I}sabelle/{HOL}},
  year      = {2007},
}

@InProceedings{vale,
  author    = {Barry Bond and Chris Hawblitzel and Manos Kapritsos and Rustan Leino and Jay Lorch and Bryan Parno and Ashay Rane and Srinath Setty and Laure Thompson},
  booktitle = {Proc. USENIX Security},
  title     = {Vale: Verifying High-Performance Cryptographic Assembly Code},
  url       = {http://www.cs.cornell.edu/~laurejt/papers/vale-2017.pdf},
  year      = {2017},
}

@InProceedings{nativecompute,
  author    = {Mathieu Boespflug and Maxime Dénès and Benjamin Grégoire},
  booktitle = {Proc. CPP},
  title     = {Full Reduction at Full Throttle},
  year      = {2011},
}

@InProceedings{vmcompute,
  author    = {Benjamin Grégoire and Xavier Leroy},
  booktitle = {Proc. ICFP},
  title     = {A compiled implementation of strong reduction},
  year      = {2002},
}

@InProceedings{LMSVerify,
  author    = {Nada Amin and Tiark Rompf},
  booktitle = {Proc. POPL},
  title     = {{LMS-Verify}: Abstraction without Regret for Verified Systems Programming},
  year      = {2017},
}

@InProceedings{TemplateCoq,
  author    = {Abhishek Anand and Simon Boulier and Cyril Cohen and Matthieu Sozeau and Nicolas Tabareau},
  booktitle = {Proc. ITP},
  title     = {Towards Certified Meta-Programming with Typed {Template-Coq}},
  year      = {2018},
}

@InProceedings{ReificationITP18,
  author    = {Jason Gross and Andres Erbsen and Adam Chlipala},
  booktitle = {Proc. ITP},
  title     = {Reification by Parametricity: Fast Setup for Proof by Reflection, in Two Lines of {L}tac},
  url       = {http://adam.chlipala.net/papers/ReificationITP18/},
  year      = {2018},
}

@InBook{rtac,
  author    = {Malecha, Gregory and Bengtson, Jesper},
  title     = {Programming Languages and Systems: 25th {E}uropean Symposium on Programming, {ESOP} 2016, Held as Part of the {E}uropean Joint Conferences on Theory and Practice of Software, {ETAPS} 2016, {E}indhoven, The {N}etherlands, April 2--8, 2016, Proceedings},
  chapter   = {Extensible and Efficient Automation Through Reflective Tactics},
  doi       = {10.1007/978-3-662-49498-1_21},
  editor    = {Thiemann, Peter},
  isbn      = {978-3-662-49498-1},
  pages     = {532--559},
  publisher = {Springer Berlin Heidelberg},
  url       = {http://dx.doi.org/10.1007/978-3-662-49498-1_21},
  address   = {Berlin, Heidelberg},
  year      = {2016},
}

@Conference{denes2013prim-ints-arrays,
  author    = {Maxime D\'en\`es},
  booktitle = {The Coq Workshop 2013},
  date      = {2013-04-06},
  title     = {Towards primitive data types for {C}OQ},
  subtitle  = {63-bits integers and persistent arrays},
  url       = {https://coq.inria.fr/files/coq5_submission_2.pdf},
  year      = {2013},
}

@PhdThesis{malecha2015thesis,
  author = {Gregory Michael Malecha},
  title  = {Extensible Proof Engineering in Intensional Type Theory},
  url    = {http://gmalecha.github.io/publication/2015/02/01/extensible-proof-engineering-in-intensional-type-theory.html},
  month  = {Nov},
  school = {Harvard University},
  year   = {2014},
}

@InProceedings{debruijn1972,
  author       = {De Bruijn, Nicolaas Govert},
  booktitle    = {Indagationes Mathematicae (Proceedings)},
  title        = {Lambda calculus notation with nameless dummies, a tool for automatic formula manipulation, with application to the {C}hurch-{R}osser theorem},
  number       = {5},
  organization = {Elsevier},
  pages        = {381--392},
  volume       = {75},
  year         = {1972},
}

@InProceedings{LocallyNameless,
  author     = {Aydemir, Brian and Charguéraud, Arthur and Pierce, Benjamin C. and Pollack, Randy and Weirich, Stephanie},
  booktitle  = {Proc. POPL},
  title      = {Engineering Formal Metatheory},
  pages      = {3–15},
  url        = {https://www.cis.upenn.edu/~bcpierce/papers/binders.pdf},
  issue_date = {January 2008},
  keywords   = {binding, coq, locally nameless},
  numpages   = {13},
  year       = {2008},
}

@Comment{jabref-meta: databaseType:biblatex;}
