publications/jason-gross-drafts.bib