@article(key(with)parens,
  author = toto
)
